<record><leader>00000cas a22000007a 4500</leader><controlfield tag="001">22775750</controlfield><controlfield tag="008">901204d19751983ohumr ne      0    0eng d</controlfield><datafield ind1=" " ind2=" " tag="010"><subfield code="a">sn 90068471 </subfield></datafield><datafield ind1=" " ind2=" " tag="040"><subfield code="a">ONP</subfield><subfield code="b">eng</subfield><subfield code="c">ONP</subfield><subfield code="d">OCLCQ</subfield></datafield><datafield ind1=" " ind2=" " tag="042"><subfield code="a">msc</subfield></datafield><datafield ind1="0" ind2="4" tag="245"><subfield code="a">The Brecksville gazette.</subfield></datafield><datafield ind1="1" ind2="3" tag="246"><subfield code="a">Gazette</subfield></datafield><datafield ind1=" " ind2=" " tag="260"><subfield code="a">Brecksville, Ohio :</subfield><subfield code="b">Bill McFadden,</subfield><subfield code="c">-1983.</subfield></datafield><datafield ind1=" " ind2=" " tag="300"><subfield code="a">v.</subfield></datafield><datafield ind1=" " ind2=" " tag="310"><subfield code="a">Monthly</subfield></datafield><datafield ind1="1" ind2=" " tag="362"><subfield code="a">Began in Apr. 1975.</subfield></datafield><datafield ind1="0" ind2=" " tag="362"><subfield code="a">-Dec. 1983.</subfield></datafield><datafield ind1=" " ind2=" " tag="588"><subfield code="a">Description based on: June 1975.</subfield></datafield><datafield ind1=" " ind2=" " tag="752"><subfield code="a">United States</subfield><subfield code="b">Ohio</subfield><subfield code="c">Cuyahoga</subfield><subfield code="d">Brecksville.</subfield></datafield><datafield ind1="0" ind2="7" tag="785"><subfield code="t">Broadview Hts. gazette</subfield><subfield code="w">(DLC)sn 89076155</subfield></datafield><datafield ind1="0" ind2="7" tag="785"><subfield code="t">Brecksville-Broadview Hts. gazette</subfield><subfield code="w">(DLC)sn 90068472</subfield></datafield></record>